@article{ane-etal-2007,
  author =	 {C\'ecile An\'e and Bret Larget and David A. Baum and
                  Stacey D. Smith and Antonis Rokas},
  year =	 2007,
  title =	 {Bayesian estimation of concordance among gene trees},
  journal =	 {Molecular Biology and Evolution},
  doi =		 {10.1093/molbev/msl170},
  volume =	 24,
  number =	 2,
  pages =	 {412--426}
}
@article{ane-etal-2008,
  author =	 {Cécile Ané and Bret Larget and David A. Baum and
                  Stacey DeWitt Smith and Antonis Rokas},
  year =	 2007,
  title =	 {Erratum for: Bayesian Estimation of Concordance
                  Among Gene Trees},
  journal =	 {Molecular Biology and Evolution},
  volume =	 24,
  number =	 7,
  pages =	 1575
}
